@article{gershenson13_como_hablar_complx,
author = {Gershenson, Carlos},
year = {2013},
month = {01},
pages = {14-19},
title = {?`Cómo hablar de complejidad?},
volume = {11},
journal = {Llengua, Societat i Comunicació}
}
