@book{10.5555/184223,
  author          = {Resnick, Mitchel},
  title           = {Turtles, Termites, and Traffic Jams: Explorations in
                  Massively Parallel Microworlds},
  year            = 1994,
  isbn            = 0262181622,
  publisher       = {MIT Press},
  address         = {Cambridge, MA, USA}
}

@Article{Demaine_2018,
  author          = {Demaine, Erik D. and Eisenstat, Sarah and Rudoy, Mikhail},
  title           = {Solving the Rubik's Cube Optimally is NP-complete},
  year            = 2018,
  language        = {en},
  doi             = {10.4230/LIPICS.STACS.2018.24},
  url             = {http://drops.dagstuhl.de/opus/volltexte/2018/8533/},
  keywords        = {Computer Science, 000 Computer science, knowledge, general
                  works},
  publisher       = {Schloss Dagstuhl - Leibniz-Zentrum fuer Informatik GmbH,
                  Wadern/Saarbruecken, Germany}
}

@Article{Dorigo_1996,
  author          = {Dorigo, M. and Maniezzo, V. and Colorni, A.},
  title           = {Ant system: optimization by a colony of cooperating agents},
  year            = 1996,
  volume          = 26,
  number          = 1,
  month           = {Feb},
  pages           = {29–41},
  issn            = {1941-0492},
  doi             = {10.1109/3477.484436},
  url             = {http://dx.doi.org/10.1109/3477.484436},
  journal         = {IEEE Transactions on Systems, Man, and Cybernetics, Part B
                  (Cybernetics)},
  publisher       = {Institute of Electrical and Electronics Engineers (IEEE)}
}

@Article{Dorigo_2006,
  author          = {Dorigo, Marco and Birattari, Mauro and Stutzle, Thomas},
  title           = {Ant colony optimization},
  year            = 2006,
  volume          = 1,
  number          = 4,
  month           = {Nov},
  pages           = {28–39},
  issn            = {1556-603X},
  doi             = {10.1109/mci.2006.329691},
  url             = {http://dx.doi.org/10.1109/MCI.2006.329691},
  journal         = {IEEE Computational Intelligence Magazine},
  publisher       = {Institute of Electrical and Electronics Engineers (IEEE)}
}

@Article{Miramontes_1995,
  author          = {Miramontes, Octavio},
  title           = {Order-disorder transitions in the behavior of ant
                  societies},
  year            = 1995,
  volume          = 1,
  number          = 3,
  month           = {Jan},
  pages           = {56–60},
  issn            = {1076-2787},
  doi             = {10.1002/cplx.6130010313},
  url             = {http://dx.doi.org/10.1002/cplx.6130010313},
  journal         = {Complexity},
  publisher       = {Wiley}
}

@Article{Schelling_1971,
  author          = {Schelling, Thomas C.},
  title           = {Dynamic models of segregation†},
  year            = 1971,
  volume          = 1,
  number          = 2,
  month           = {Jul},
  pages           = {143–186},
  issn            = {1545-5874},
  doi             = {10.1080/0022250x.1971.9989794},
  url             = {http://dx.doi.org/10.1080/0022250X.1971.9989794},
  journal         = {The Journal of Mathematical Sociology},
  publisher       = {Informa UK Limited}
}

@article{langton84_self_reprod_cellul_autom,
  author          = {Christopher G. Langton},
  title           = {Self-Reproduction in Cellular Automata},
  journal         = {Physica D: Nonlinear Phenomena},
  volume          = 10,
  number          = {1-2},
  pages           = {135-144},
  year            = 1984,
  doi             = {10.1016/0167-2789(84)90256-2},
  url             = {https://doi.org/10.1016/0167-2789(84)90256-2},
  DATE_ADDED      = {Sat Dec 12 15:02:10 2020},
}
